%%
%% This is file `nuthesis.bib',
%% generated with the docstrip utility.
%%
%% The original source files were:
%%
%% nuthesis.dtx  (with options: `bib')
%% 

%% The ToC is required
%% Uncomment these if need be

  title =  {The \textsf{url} package},
  author =  {Donald Arseneau},
  note =  {Available at:
                  \url{http://tug.ctan.org/cgi-bin/ctanPackageInformation.py?id=url}},
}

% FIRST CHAPTER
% Intro

@Book{ref_Griffths,
  author =  {Griffiths},
  title =  {Introduction to Elementary Particles},
  publisher =  {WILEY-VCH},
  year =  2008
}

@Misc{ref_fig_SM,
  author = {UNKNOWN [TEMPORARY]},
  title = {Source of SM figure [TEMPORARY]},
  note = {Available at: http://www.isgtw.org/spotlight/go-particle-quest-first-cern-hackfest}
}

@Article{ref_HiggsPaperCMS,
  author =  {CMS Collaboration},
  title =  {Observation of a new boson at a mass of~125~GeV with CMS experiment at the LHC},
  journal =  {Phys. Lett. B},
  year =  2012,
  volume =  716,
  number =  1,
  pages =  {30-61},
  note =  {Available at: https://arxiv.org/abs/1207.7235},
}

@Article{ref_HiggsPaperATLAS,
  author =  {ATLAS Collaboration},
  title =  {Observation of a new particle in the search for the Standard Model Higgs boson with the ATLAS detector at the LHC},
  journal =  {Phys. Lett. B},
  year =  2012,
  volume =  716,
  number =  1,
  pages =  {1-29},
  note =  {Available at: https://arxiv.org/abs/1207.7214},
}

@Misc{ref_PDG,
  key = {Particle Data Group},
  title = {Particle Data Group},
  note =  {Available at:
                  pdg.lbl.gov},
}

@Misc{ref_NASA,
  key = {NASA website},
  title =  {NASA website},
  note =  {Available at:
                  https://science.nasa.gov/astrophysics/focus-areas/what-is-dark-energy},
}

%\bibitem{ref_fig_PDFs} website: https://mstwpdf.hepforge.org/

% NEXT CHAPTER
% WgAbout


\endinput
%%
%% End of file `nuthesis.bib'.
